@article{cubas2011dynamic,
  title={A Dynamic Stochastic General Equilibrium Model for Policy Analysis in Uruguay},
  author={Cubas, German and others},
  journal={Documento de trabajo, BCU},
  number={1688},
  year={2011},
  hyphenation={english}
}

@article{mansoorian2006employment,
	title={On the employment, investment and current account effects of inflation},
	author={Mansoorian, Arman and Mohsin, Mohammed},
	journal={Journal of International Economics},
	volume={70},
	number={1},
	pages={296--313},
	year={2006},
	hyphenation={english},
	publisher={Elsevier}
}

@article{mundell1963capital,
	title={Capital mobility and stabilization policy under fixed and flexible exchange rates},
	author={Mundell, Robert A},
	journal={Canadian Journal of Economics and Political Science/Revue canadienne de economiques et science politique},
	volume={29},
	number={4},
	pages={475--485},
	year={1963},
	hyphenation={english},
	publisher={Cambridge University Press}
}

@article{mundell1960monetary,
	title={The monetary dynamics of international adjustment under fixed and flexible exchange rates},
	author={Mundell, Robert A},
	journal={The Quarterly Journal of Economics},
	volume={74},
	number={2},
	pages={227--257},
	year={1960},
	publisher={MIT Press}
}

@article{krugman1979model,
	title={A model of balance-of-payments crises},
	author={Krugman, Paul},
	journal={Journal of money, credit and banking},
	volume={11},
	number={3},
	pages={311--325},
	year={1979},
	publisher={JSTOR}
}

@article{obstfeld1986speculative,
	title={Speculative attack and the external constraint in a maximizing model of the balance of payments},
	author={Obstfeld, Maurice},
	journal={Canadian Journal of Economics},
	pages={1--22},
	year={1986},
	publisher={JSTOR}
}

@book{mendoza1999business,
	title={The business cycles of balance-of-payment crises: a revision of a Mundellian framework},
	author={Mendoza, Enrique G and Uribe, Martin},
	year={1999},
	publisher={Citeseer}
}

@article{kumhof2007balance,
	title={Balance of payments crises under inflation targeting},
	author={Kumhof, Michael and Li, Shujing and Yan, Isabel},
	journal={Journal of International Economics},
	volume={72},
	number={1},
	pages={242--264},
	year={2007},
	publisher={Elsevier}
}

@article{calvo1987balance,
	title={Balance of payments crises in a cash-in-advance economy},
	author={Calvo, Guillermo A},
	journal={Journal of Money, Credit and Banking},
	volume={19},
	number={1},
	pages={19--32},
	year={1987},
	publisher={JSTOR}
}

@article{escude2013dsge,
	title={A DSGE model for a SOE with Systematic Interest and Foreign Exchange policies in which policymakers exploit the risk premium for stabilization purposes},
	author={Escud{\'e}, Guillermo J},
	journal={Economics: The Open-Access, Open-Assessment E-Journal},
	volume={7},
	number={2013-30},
	pages={1--110},
	year={2013},
	publisher={Kiel: Kiel Institute for the World Economy (IfW)}
}

@article{cubas2012rate,
	title={The Rate of Reserve Requirements and Monetary Policy in Uruguay: a DSGE Approach},
	author={Cubas, German and others},
	journal={Documento de trabajo, BCU},
	number={1688},
	year={2012}
}

@article{freund2005current,
	title={Current account adjustment in industrial countries},
	author={Freund, Caroline},
	journal={Journal of International Money and Finance},
	volume={24},
	number={8},
	pages={1278--1298},
	year={2005},
	publisher={Elsevier}
}

@article{kandil2002impact,
	title={The impact of cyclical factors on the US balance of payments},
	author={Kandil, Magda and Greene, Joshua Eli},
	year={2002},
	publisher={IMF Working Paper}
}

@article{akbas2013testing,
	title={Testing for causality between the foreign direct investment, current account deficit, GDP and total credit: Evidence from G7},
	author={Akbas, Yusuf Ekrem and Senturk, Mehmet and Sancar, Canan},
	journal={Panoeconomicus},
	volume={60},
	number={6},
	pages={791--812},
	year={2013}
}

@inproceedings{пильник2017модель,
	title={МОДЕЛЬ ВНЕШНЕЭКОНОМИЧЕСКОЙ ДЕЯТЕЛЬНОСТИ ЭКОНОМИКИ РОССИИ},
	author={Пильник, НП and Ужегов, АА},
	booktitle={Моделирование коэволюции природы и общества: проблемы и опыт. К 100-летию со дня рождения академика НН Моисеева (МОИСЕЕВ-100)},
	pages={280--290},
	year={2017}
}


@misc{cbr2020,
  title = {{Среднесрочный прогноз Банка России} по итогам заседания Совета директоров по ключевой ставке 24 апреля 2020 года},
  howpublished = {\url{https://cbr.ru/Collection/Collection/File/27833/forecast_200424.pdf}},
  note = {Accessed: 2020-04-30}
}


@misc{minec2019,
  title = {{Сценарные условия прогноза социально-экономического
развития на 2019–2024 годы.} Апрель 2019 года},
  howpublished = {\url{http://old.economy.gov.ru/minec/resources/9935ff6e-7656-447f-beb1-865e1344c690/09042019.pdf}},
  note = {Accessed: 2020-04-30}
}